<marcxml:record xmlns:marcxml="http://www.loc.gov/MARC21/slim" xmlns:mets="http://www.loc.gov/METS/" xmlns:bf="http://id.loc.gov/ontologies/bibframe/" xmlns:bflc="http://id.loc.gov/ontologies/bflc/" xmlns:madsrdf="http://www.loc.gov/mads/rdf/v1#" xmlns:rdf="http://www.w3.org/1999/02/22-rdf-syntax-ns#" xmlns:ri="http://id.loc.gov/ontologies/RecordInfo#" xmlns:idx="info:lc/xq-modules/lcindex" xmlns:semtriples="http://marklogic.com/semantic" xmlns:xsi="http://www.w3.org/2001/XMLSchema-instance" xmlns:xlink="http://www.w3.org/1999/xlink" xmlns:streams="info:lc/streams#">
  <marcxml:leader>01388cam a2200337 a 4500</marcxml:leader>
  <marcxml:controlfield tag="001">4015797</marcxml:controlfield>
  <marcxml:controlfield tag="005">20060721170038.0</marcxml:controlfield>
  <marcxml:controlfield tag="008">970428s1997    txua   b      000 1 eng  </marcxml:controlfield>
  <marcxml:datafield tag="906" ind1=" " ind2=" ">
    <marcxml:subfield code="a">7</marcxml:subfield>
    <marcxml:subfield code="b">cbc</marcxml:subfield>
    <marcxml:subfield code="c">orignew</marcxml:subfield>
    <marcxml:subfield code="d">1</marcxml:subfield>
    <marcxml:subfield code="e">ocip</marcxml:subfield>
    <marcxml:subfield code="f">19</marcxml:subfield>
    <marcxml:subfield code="g">y-gencatlg</marcxml:subfield>
  </marcxml:datafield>
  <marcxml:datafield tag="955" ind1=" " ind2=" ">
    <marcxml:subfield code="a">pc14 to la00 04-28-97; lb13 05-01-97; lb07 05-06-97; lb05 05-08-97; cip ver. lb07 09-18-97</marcxml:subfield>
  </marcxml:datafield>
  <marcxml:datafield tag="035" ind1=" " ind2=" ">
    <marcxml:subfield code="9">(DLC)   97015570</marcxml:subfield>
  </marcxml:datafield>
  <marcxml:datafield tag="010" ind1=" " ind2=" ">
    <marcxml:subfield code="a">   97015570 </marcxml:subfield>
  </marcxml:datafield>
  <marcxml:datafield tag="020" ind1=" " ind2=" ">
    <marcxml:subfield code="a">0849914809</marcxml:subfield>
  </marcxml:datafield>
  <marcxml:datafield tag="040" ind1=" " ind2=" ">
    <marcxml:subfield code="a">DLC</marcxml:subfield>
    <marcxml:subfield code="c">DLC</marcxml:subfield>
    <marcxml:subfield code="d">DLC</marcxml:subfield>
  </marcxml:datafield>
  <marcxml:datafield tag="042" ind1=" " ind2=" ">
    <marcxml:subfield code="a">lcac</marcxml:subfield>
  </marcxml:datafield>
  <marcxml:datafield tag="050" ind1="0" ind2="0">
    <marcxml:subfield code="a">PZ7.H543955</marcxml:subfield>
    <marcxml:subfield code="b">Pi 1997</marcxml:subfield>
  </marcxml:datafield>
  <marcxml:datafield tag="082" ind1="0" ind2="0">
    <marcxml:subfield code="a">[E]</marcxml:subfield>
    <marcxml:subfield code="2">21</marcxml:subfield>
  </marcxml:datafield>
  <marcxml:datafield tag="100" ind1="1" ind2=" ">
    <marcxml:subfield code="a">Higgs, Liz Curtis.</marcxml:subfield>
  </marcxml:datafield>
  <marcxml:datafield tag="245" ind1="1" ind2="4">
    <marcxml:subfield code="a">The pine tree parable /</marcxml:subfield>
    <marcxml:subfield code="c">by Liz Curtis Higgs ; illustrated by Nancy Munger.</marcxml:subfield>
  </marcxml:datafield>
  <marcxml:datafield tag="260" ind1=" " ind2=" ">
    <marcxml:subfield code="a">Nashville :</marcxml:subfield>
    <marcxml:subfield code="b">Tommy Nelson,</marcxml:subfield>
    <marcxml:subfield code="c">c1997.</marcxml:subfield>
  </marcxml:datafield>
  <marcxml:datafield tag="300" ind1=" " ind2=" ">
    <marcxml:subfield code="a">1 v. (unpaged) :</marcxml:subfield>
    <marcxml:subfield code="b">col. ill. ;</marcxml:subfield>
    <marcxml:subfield code="c">21 cm.</marcxml:subfield>
  </marcxml:datafield>
  <marcxml:datafield tag="520" ind1=" " ind2=" ">
    <marcxml:subfield code="a">A farmer and his wife who grow trees to sell for Christmas give their prized, perfect tree to a poor family who cannot afford to pay for it. Text is interspersed with Bible verses.</marcxml:subfield>
  </marcxml:datafield>
  <marcxml:datafield tag="650" ind1=" " ind2="1">
    <marcxml:subfield code="a">Generosity</marcxml:subfield>
    <marcxml:subfield code="x">Fiction.</marcxml:subfield>
  </marcxml:datafield>
  <marcxml:datafield tag="650" ind1=" " ind2="1">
    <marcxml:subfield code="a">Trees</marcxml:subfield>
    <marcxml:subfield code="x">Fiction.</marcxml:subfield>
  </marcxml:datafield>
  <marcxml:datafield tag="650" ind1=" " ind2="1">
    <marcxml:subfield code="a">Christian life</marcxml:subfield>
    <marcxml:subfield code="x">Fiction.</marcxml:subfield>
  </marcxml:datafield>
  <marcxml:datafield tag="650" ind1=" " ind2="1">
    <marcxml:subfield code="a">Parables.</marcxml:subfield>
  </marcxml:datafield>
  <marcxml:datafield tag="700" ind1="1" ind2=" ">
    <marcxml:subfield code="a">Munger, Nancy,</marcxml:subfield>
    <marcxml:subfield code="e">ill.</marcxml:subfield>
  </marcxml:datafield>
  <marcxml:datafield tag="856" ind1="4" ind2="2">
    <marcxml:subfield code="3">Publisher description</marcxml:subfield>
    <marcxml:subfield code="u">http://www.loc.gov/catdir/enhancements/fy0609/97015570-d.html</marcxml:subfield>
  </marcxml:datafield>
  <marcxml:datafield tag="920" ind1=" " ind2=" ">
    <marcxml:subfield code="a">** LC HAS REQ'D # OF SHELF COPIES **</marcxml:subfield>
  </marcxml:datafield>
  <marcxml:datafield tag="991" ind1=" " ind2=" ">
    <marcxml:subfield code="b">c-GenColl</marcxml:subfield>
    <marcxml:subfield code="h">PZ7.H543955</marcxml:subfield>
    <marcxml:subfield code="i">Pas 1997</marcxml:subfield>
    <marcxml:subfield code="t">Copy 1</marcxml:subfield>
    <marcxml:subfield code="w">BOOKS</marcxml:subfield>
  </marcxml:datafield>
  <marcxml:datafield tag="991" ind1=" " ind2=" ">
    <marcxml:subfield code="b">c-GenColl</marcxml:subfield>
    <marcxml:subfield code="h">PZ7.H543955</marcxml:subfield>
    <marcxml:subfield code="i">Pas 1997</marcxml:subfield>
    <marcxml:subfield code="p">00050407962</marcxml:subfield>
    <marcxml:subfield code="t">Copy 2</marcxml:subfield>
    <marcxml:subfield code="w">CCF</marcxml:subfield>
  </marcxml:datafield>
</marcxml:record>
